@article{forklift,
  author = "Juang, Jhih Ren. and Hung, Wei Han and Kang, Shih Chung",
  year = "2011",
  title = "Using game engines for physical–based simulations–a forklift",
  journal = "Journal of Information Technology in Construction",
  volume = "16",
  pages = "3--22"
}
@misc{website:blender-rigidbody,
      title = "Doc:2.6/Manual/Game Engine/Physics/Object Type/Dynamic - BlenderWiki",
      note = {Accessed August 13, 2013},
      howpublished= {\url{http://wiki.blender.org/index.php/Doc:2.6/Manual/Game_Engine/Physics/Object_Type/Dynamic}}
}
@misc{website:blender-objecttype,
      title = "Doc:2.6/Manual/Game Engine/Physics/Object Type - BlenderWiki",
      note = {Accessed August 13, 2013},
      howpublished= {\url{http://wiki.blender.org/index.php/Doc:2.6/Manual/Game_Engine/Physics/Object_Type}}
}
@misc{website:blendergameengine,
      title = "Doc:2.6/Manual/Game Engine - BlenderWiki",
      note = {Accessed August 13, 2013},
      howpublished= {\url{http://wiki.blender.org/index.php/Doc:2.6/Manual/Game_Engine}}
}
@misc{website:blendernation-projects,
      title = "Oak Ridge National Laboratory: Blender on a Supercomputer!",
      author = "Bart",
      year = "2011",
      note = {Accessed August 13, 2013},
      howpublished= {\url{http://www.blendernation.com/2011/11/22/oak-ridge-national-laboratory-blender-on-a-supercomputer/}}
}
@misc{website:blendernation-fishery,
      title = "Fish Population Data Visualisation, Internships at Great Northern Way Campus, Vancouver.",
      author = "Bart",
      year = "2008",
      note = {Accessed August 13, 2013},
      howpublished= {\url{http://www.blendernation.com/2011/11/22/oak-ridge-national-laboratory-blender-on-a-supercomputer/}}
}
@misc{website:continuousphysics,
      title = "Bullet Collision Detection \& Physics Library",
      note = {Accessed March 26, 2014},
      howpublished= {\url{http://www.continuousphysics.com/Bullet/BulletFull/index.html}}
}
@misc{website:blenderapi,
  title= "Blender 2.70.0 19e627c - {API} documentation",
  note= {Accessed April 12, 2014},
  howpublished = {\url{http://www.blender.org/documentation/blender_python_api_2_70_release/contents.html}}
}
@book{Hess:2007:EBG:1543288,
 author = {Hess, Roland},
 title = {The Essential Blender: Guide to 3D Creation with the Open Source Suite Blender},
 year = {2007},
 isbn = {1593271662, 9781593271664},
 publisher = {No Starch Press},
 address = {San Francisco, CA, USA},
} 
@misc{website:surveyor,
      title = "Surveyor SRV-1 Open Source Mobile Robot",
      year = "2010",
      note = {Accessed August 13, 2013},
      howpublished= {\url{http://www.surveyor.com/SRV_info.html}}
}
@inproceedings{hrteam,
  author    = {Elizabeth Sklar and
               Simon Parsons and
               Arif Tuna Ozgelen and
               Eric Schneider and
               Michael Costantino and
               Susan L. Epstein},
  title     = {{HRT}eam: a framework to support research on human/multi-robot interaction ({D}emonstration)},
  booktitle = {AAMAS},
  year      = {2013},
  pages     = {1409-1410},
  ee        = {http://dl.acm.org/citation.cfm?id=2485249},
  crossref  = {DBLP:conf/atal/2013},
  bibsource = {DBLP, http://dblp.uni-trier.de}
}
@proceedings{DBLP:conf/atal/2013,
  editor    = {Maria L. Gini and
               Onn Shehory and
               Takayuki Ito and
               Catholijn M. Jonker},
  title     = {International conference on Autonomous Agents and Multi-Agent
               Systems, AAMAS '13, Saint Paul, MN, USA, May 6-10, 2013},
  booktitle = {AAMAS},
  publisher = {IFAAMAS},
  year      = {2013},
  isbn      = {978-1-4503-1993-5},
  ee        = {http://dl.acm.org/citation.cfm?id=2484920},
  bibsource = {DBLP, http://dblp.uni-trier.de}
}
@misc{website:bulletscale,
      title = "Scaling The World - Physics Simulation Wiki",
      year = "2012",
      note = {Accessed August 13, 2013},
      howpublished= {\url{http://www.bulletphysics.org/mediawiki-1.5.8/index.php?title=Scaling_The_World}}
}
@misc{website:stage,
      title = "Stage - The Player Project",
      year = "2011",
      note = {Accessed August 14, 2013},
      howpublished= {\url{http://playerstage.sourceforge.net/wiki/Stage}}
}
@article{evolvingvirtualcreatures,
  author = "Sims, Karl",
  year = "1994",
  pages = "15--22",
  journal= "SIGGRAPH '04 Proceedings",
  title = "Evolving Virtual Creatures"
}
@inproceedings{2280467,
  abstract     = {Physics engines have been used in robotics research for a long time. Beside their traditional application as a  substitute for real world interactions due to their higher speed, safety and flexibility, they have recently also been used for motion planning and high level action planning. We propose to further explore the idea of using a physics engine as means to give a robot a basic physical understanding of its environment. In this paper, as a preliminary step, we study, how accurately the process
of pushing flat objects across a table with a robot arm can be predicted in a physics engine. We also present an approach to adapt the engines parameters to enhance the simulation accuracy.},
  author       = {Weitnauer, Erik and Haschke, Robert and Ritter, Helge},
  language     = {English},
  pages        = {144--155},
  publisher    = {Springer Verlag},
  series       = {Proceedings of the Second international conference on Simulation, modeling, and programming for autonomous robots},
  title        = {Evaluating a physics engine as an ingredient for physical reasoning},
  doi          = {10.1007/978-3-642-17319-6\_16},
  year         = {2010},
}
@TECHREPORT{automatedtuning,
  AUTHOR =        {Mustafa Baz and Brady Hunsaker and J. Paul Brooks and Abhijit Gosavi},
  TITLE =         {Automated tuning of optimization software parameters},
  INSTITUTION =   {University of Pittsburgh Department of Industrial Engineering},
  YEAR  =         {2007},
  URL   =         {http://www.optimization-online.org/DB_FILE/2007/10/1819.pdf}
}
@inproceedings{sklarcomparing,
  author = "Sklar, Elizabeth and Parsons, Simon and Munoz, J. Pablo and Ozgelen, Tuna and Schneider, Eric and Constantino, Michael and Epstein, Susan",
  year = "2012",
  booktitle = "On Transfer from Multiagent to Multi-Robot Systems",
  publisher="Proceedings of the Workshop on Autonomous Robots and Multirobot Systems (ARMS) at Autonomous Agents and MultiAgent Systems (AAMAS)"
}
@ARTICLE{Mitchell93geneticalgorithms,
    author = {Melanie Mitchell and Stephanie Forrest},
    title = {Genetic Algorithms and Artificial Life},
    journal = {Artificial Life},
    year = {1993},
    volume = {1},
    pages = {267--289}
}
@InProceedings{Koza91evolutionand,
  author =       "John R. Koza",
  title =        "Evolution and co-evolution of computer programs to control independent-acting agents",
  booktitle =    "From Animals to Animats: Proceedings of the First International Conference on Simulation of Adaptive Behavior",
  year =         "1991",
  editor =       "Jean-Arcady Meyer and Stewart W. Wilson",
  pages =        "366--375",
  address =      "Paris, France",
  publisher_address = "Cambridge, MA",
  month =        "24-28 " # sep,
  publisher =    "MIT Press",
  keywords =     "genetic algorithms, genetic programming, coevolution",
  URL =          "http://www.genetic-programming.com/jkpdf/sab1990.pdf",
  size =         "11 pages"
}
@INPROCEEDINGS{Mitchell91theroyal,
    author = {Melanie Mitchell and Stephanie Forrest and John H. Holland},
    title = {The Royal Road for Genetic Algorithms: Fitness Landscapes and GA Performance},
    booktitle = {Proceedings of the First European Conference on Artificial Life},
    year = {1991},
    pages = {245--254},
    publisher = {MIT Press}
}
@article{multiagentissues,
  author = "Shameka Dawson and Briana Lowe Wellman and Monica Anderson ",
  year = "2011",
  title = "Identification of Issues in Predicting Multi-Robot Performance through Model-Based Simulations",
  journal = "Intelligent Control and Automation",
  volume = "2",
  doi = {10.4236/ica.2011.22016},
  pages = "133--143"
}
@article{usarsimedu,
  author = "Stefano Carpin and Mike Lewis and Jijun Wang and Stephen Balakirsky and Chris Scrapper",
  year = "2007",
  title = "USARSim: a robot simulator for research and education",
  journal = "Robotics and Automation, 2007 IEEE International Conference on",
  doi = {10.1109/ROBOT.2007.363180},
  pages = "1400--1405"
}
@article{usarsimmass,
  author = "Shogo Okamoto and Kensuke Kurose and Satoshi Saga and Kazunori Ohno and Satoshi Tadokoro",
  year = "2008",
  title = "Validation of Simulated Robots with Realistically Modeled Dimensions and Mass in USARSim",
  journal = "Safety, Security and Rescue Robotics, 2008. SSRR 2008. IEEE International Workshop on",
  doi = {10.1109/SSRR.2008.4745881},
  pages = "77--82"
}
@incollection{Laue:2009:APO:1575210.1575223,
 author = {Laue, Tim and Hebbel, Matthias},
 chapter = {Automatic Parameter Optimization for a Dynamic Robot Simulation},
 title = {RoboCup 2008: Robot Soccer World Cup XII},
 editor = {Iocchi, Luca and Matsubara, Hitoshi and Weitzenfeld, Alfredo and Zhou, Changjiu},
 year = {2009},
 isbn = {978-3-642-02920-2},
 pages = {121--132},
 numpages = {12},
 url = {http://dx.doi.org/10.1007/978-3-642-02921-9_11},
 doi = {10.1007/978-3-642-02921-9_11},
 acmid = {1575223},
 publisher = {Springer-Verlag},
 address = {Berlin, Heidelberg},
}
@unpublished{simpl,
  author = "Lettier, David",
  year = "2013",
  title = "Simple {P}ong {L}earner ({S}im{PL}): Utilizing a Genetic Algorithm to Tune the Weights of a Feed-Forward Neural Network",
}
@article{frechet,
  author    = {Pankaj K. Agarwal and
               Rinat Ben Avraham and
               Haim Kaplan and
               Micha Sharir},
  title     = {Computing the Discrete Fr{\'e}chet Distance in Subquadratic
               Time},
  journal   = {CoRR},
  volume    = {abs/1204.5333},
  year      = {2012},
  ee        = {http://arxiv.org/abs/1204.5333},
  bibsource = {DBLP, http://dblp.uni-trier.de}
}
@article{hausdorff,
  author    = {Xiao-Diao Chen and
               Weiyin Ma and
               Gang Xu and
               Jean-Claude Paul},
  title     = {Computing the Hausdorff distance between two B-spline curves},
  journal   = {Computer-Aided Design},
  volume    = {42},
  number    = {12},
  year      = {2010},
  pages     = {1197-1206},
  ee        = {http://dx.doi.org/10.1016/j.cad.2010.06.009},
  bibsource = {DBLP, http://dblp.uni-trier.de}
}
@misc{probrobots,
  author       = "Jana Kosecka",
  title        = "Probabilistic Robotics: Probabilistic Motion and Sensor Models ",
  howpublished = "\url{http://cs.gmu.edu/~kosecka/cs685/cs685-motion-models.pdf}",
  year         = "2013",
  note         = "George Mason University",
  url          = "http://cs.gmu.edu/~kosecka/cs685/cs685-motion-models.pdf"  
}
%SIMPL
@article{predictive_models,
 author = {M\"{u}hlenbein, Heinz and Schlierkamp-Voosen, Dirk},
 title = {Predictive models for the breeder genetic algorithm i. continuous parameter optimization},
 journal = {Evol. Comput.},
 issue_date = {Spring 1993},
 volume = {1},
 number = {1},
 month = mar,
 year = {1993},
 issn = {1063-6560},
 pages = {25--49},
 numpages = {25},
 url = {http://dx.doi.org/10.1162/evco.1993.1.1.25},
 doi = {10.1162/evco.1993.1.1.25},
 acmid = {1326626},
 publisher = {MIT Press},
 address = {Cambridge, MA, USA},
}
@article{self_adapt,
      author="Wen-Yang Lin, Wen-Yung Lee And Tzung-Pei Hong",
      title="Adapting Crossover and Mutation Rates in Genetic Algorithms",
      journal="Journal of Information Science and Engineering",
      volume = "19",
      year="2003",
      pages="889-903"
}
@misc{neuralnetworks,
  author       = "Mat Buckland",
  title        = "Neural Networks in Plain English",
  howpublished = "\url{http://www.ai-junkie.com/ann/evolved/nnt1.html}",
  month        = "September",
  year         = "2013",
  url          = "http://www.ai-junkie.com/ann/evolved/nnt1.html"
}
@misc{geneticalgorithm,
  author       = "Hartmut Pohlheim",
  title        = "Genetic and Evolutionary Algorithms: Principles, Methods and Algorithms",
  howpublished = "\url{http://www.pg.gda.pl/~mkwies/dyd/geadocu/algindex.html}",
  month        = "May",
  year         = "1997",
  url          = "http://www.pg.gda.pl/~mkwies/dyd/geadocu/algindex.html"
}
@misc{genselect,
  author       = "Marek Obitko",
  title        = "Introduction to Genetic Algorithms: Selection",
  howpublished = "\url{http://www.obitko.com/tutorials/genetic-algorithms/selection.php}",
  year         = "1998",
  url          = "http://www.obitko.com/tutorials/genetic-algorithms/selection.php"
}
@misc{encoding_schemes,
  author       = "Marek Obitko",
  title        = "Introduction to Genetic Algorithms: Encoding",
  howpublished = "\url{http://www.obitko.com/tutorials/genetic-algorithms/encoding.php}",
  year         = "1998",
  url          = "http://www.obitko.com/tutorials/genetic-algorithms/encoding.php",
}
@ARTICLE{mahalanobis_distance,
AUTHOR    = {Maesschalck, R. De and Jouan-Rimbaud, D. and Massart, D.L.}, 
TITLE     = {The Mahalanobis distance},
JOURNAL   = {Chemometrics and Intelligent Laboratory System},
YEAR      = {2000},
Volume    = {50},
Number    = {1},
Pages     = {1-18},
Month     = {January}
}
@misc{what_is_mahalanobis_distance,
  author       = "Rick Wicklin",
  title        = "What is Mahalanobis distance?",
  howpublished = "\url{http://blogs.sas.com/content/iml/2012/02/15/what-is-mahalanobis-distance/}",
  month        = "February",
  year         = "2012",
  note         = {Accessed March 27, 2014}
}
@article{Rousseeuw:1999:FAM:331435.331458,
 author = {Rousseeuw, Peter J. and Driessen, Katrien Van},
 title = {A Fast Algorithm for the Minimum Covariance Determinant Estimator},
 journal = {Technometrics},
 issue_date = {Aug. 1999},
 volume = {41},
 number = {3},
 month = aug,
 year = {1999},
 issn = {0040-1706},
 pages = {212--223},
 numpages = {12},
 url = {http://dx.doi.org/10.2307/1270566},
 doi = {10.2307/1270566},
 acmid = {331458},
 publisher = {American Society for Quality Control and American Statistical Association},
 address = {Alexandria, Va, USA},
 keywords = {breakdown value, multivariate location and scatter, outlier detection, regression, robust estimation},
} 
@article{scikit-learn,
 title={Scikit-learn: Machine Learning in {P}ython},
 author={Pedregosa, F. and Varoquaux, G. and Gramfort, A. and Michel, V.
         and Thirion, B. and Grisel, O. and Blondel, M. and Prettenhofer, P.
         and Weiss, R. and Dubourg, V. and Vanderplas, J. and Passos, A. and
         Cournapeau, D. and Brucher, M. and Perrot, M. and Duchesnay, E.},
 journal={Journal of Machine Learning Research},
 volume={12},
 pages={2825--2830},
 year={2011}
}
@article {WICS:WICS61,
author = {Hubert, Mia and Debruyne, Michiel},
title = {Minimum covariance determinant},
journal = {Wiley Interdisciplinary Reviews: Computational Statistics},
volume = {2},
number = {1},
publisher = {John Wiley & Sons, Inc.},
issn = {1939-0068},
url = {http://dx.doi.org/10.1002/wics.61},
doi = {10.1002/wics.61},
pages = {36--43},
keywords = {robustness, outlier detection, multivariate location and scatter, high-breakdown},
year = {2010},
}
@ARTICLE{Miller95geneticalgorithms,
    author = {Brad L. Miller and Brad L. Miller and David E. Goldberg and David E. Goldberg},
    title = {Genetic Algorithms, Tournament Selection, and the Effects of Noise},
    journal = {Complex Systems},
    year = {1995},
    volume = {9},
    pages = {193--212}
}
@incollection{ColinReeves,
year={2003},
isbn={978-1-4020-7263-5},
booktitle={Handbook of Metaheuristics},
volume={57},
series={International Series in Operations Research \& Management Science},
editor={Glover, Fred and Kochenberger, GaryA.},
doi={10.1007/0-306-48056-5_3},
title={Genetic Algorithms},
url={http://dx.doi.org/10.1007/0-306-48056-5_3},
publisher={Springer US},
author={Reeves, Colin},
pages={55-82}
}
@inproceedings{DBLP:conf/gem/Diaz-GomezH07,
  author    = {Pedro A. Diaz-Gomez and
               Dean F. Hougen},
  title     = {Initial Population for Genetic Algorithms: A Metric Approach},
  booktitle = {GEM},
  year      = {2007},
  pages     = {43-49},
  crossref  = {DBLP:conf/gem/2007},
  bibsource = {DBLP, http://dblp.uni-trier.de}
}
@proceedings{DBLP:conf/gem/2007,
  editor    = {Hamid R. Arabnia and
               Jack Y. Yang and
               Mary Qu Yang},
  title     = {Proceedings of the 2007 International Conference on Genetic
               and Evolutionary Methods, GEM 2007, June 25-28, 2007, Las
               Vegas, Nevada, USA},
  booktitle = {GEM},
  publisher = {CSREA Press},
  year      = {2007},
  isbn      = {1-60132-038-8},
  bibsource = {DBLP, http://dblp.uni-trier.de}
}
@MISC{Beasley93anoverview,
    author = {David Beasley and David R. Bull and Ralph R. Martin},
    title = {An Overview of Genetic Algorithms: Part 1, Fundamentals},
    year = {1993}
}
@misc{DanWDyer,
  author       = "Daniel W. Dyer",
  title        = "Practical Evolutionary Computation: Elitism",
  howpublished = "\url{http://blog.uncommons.org/2009/02/12/practical-evolutionary-computation-elitism/}",
  month        = "February",
  year         = "2009",
  note         = {Accessed Apr 6, 2014}
}
@ARTICLE{Whitley94agenetic,
    author = {Darrell Whitley},
    title = {A Genetic Algorithm Tutorial},
    journal = {Statistics and Computing},
    year = {1994},
    volume = {4},
    pages = {65--85}
}
@inproceedings{sklar-et-al-arms:2011,
 title = {{Designing the HRTeam Framework: Lessons Learned from a Rough-and-Ready Human/Multi-Robot Team}},
 author = {Elizabeth I. Sklar and A. Tuna Ozgelen and J. Pablo Munoz and Joel Gonzalez and Mark Manashirov and Susan L. Epstein and Simon Parsons},
 booktitle = {Proceedings of the Workshop on Autonomous Robots and Multirobot Systems (ARMS) at Autonomous Agents and MultiAgent Systems (AAMAS)},
 address = {Taipei, Taiwan},
 month = {May},
 year = {2011}
}
@inproceedings{sklar-et-al-arms:2012,
 title = {{On Transfer from Multiagent to Multi-Robot Systems}},
 author = {Elizabeth I. Sklar and A. Tuna Ozgelen and Eric Schneider and Michael Costantino and J. Pablo Munoz and Susan L. Epstein and Simon Parsons},
 booktitle = {Proceedings of the Workshop on Autonomous Robots and Multirobot Systems (ARMS) at Autonomous Agents and MultiAgent Systems (AAMAS)},
 address = {Valencia, Spain},
 month = {June},
 year = {2012}
}
@inproceedings{ozgelen-et-al-arms:2013,
 title = {{A first step toward testing multiagent coordination mechanisms on multi-robot teams}},
 author = {A. Tuna \"{O}zgelen and Eric Schneider and Elizabeth I. Sklar and Michael Costantino and Susan L. Epstein and Simon Parsons},
 booktitle = {Proceedings of the Workshop on Autonomous Robots and Multirobot Systems (ARMS) at Autonomous Agents and MultiAgent Systems (AAMAS)},
 address = {St Paul, MN, USA},
 month = {May},
 year = {2013}
}
@inproceedings{DBLP:conf/aaai/KozaR92,
  author    = {John R. Koza and
               James P. Rice},
  title     = {Automatic Programming of Robots Using Genetic Programming},
  booktitle = {AAAI},
  year      = {1992},
  pages     = {194-201},
  ee        = {http://www.aaai.org/Library/AAAI/1992/aaai92-031.php},
  crossref  = {DBLP:conf/aaai/1992},
  bibsource = {DBLP, http://dblp.uni-trier.de}
}
@proceedings{DBLP:conf/aaai/1992,
  editor    = {William R. Swartout},
  title     = {Proceedings of the 10th National Conference on Artificial
               Intelligence. San Jose, CA, July 12-16, 1992},
  booktitle = {AAAI},
  publisher = {AAAI Press / The MIT Press},
  year      = {1992},
  isbn      = {0-262-51063-4},
  ee        = {http://www.aaai.org/Conferences/AAAI/aaai92.php},
  bibsource = {DBLP, http://dblp.uni-trier.de}
}
@article{Herrera,
year={1998},
issn={0269-2821},
journal={Artificial Intelligence Review},
volume={12},
number={4},
doi={10.1023/A:1006504901164},
title={Tackling Real-Coded Genetic Algorithms: Operators and Tools for Behavioural Analysis},
url={http://dx.doi.org/10.1023/A%3A1006504901164},
publisher={Kluwer Academic Publishers},
keywords={genetic algorithms; real coding; continuous search spaces},
author={Herrera, F. and Lozano, M. and Verdegay, J.L.},
pages={265-319},
language={English}
}
@incollection{Michalewicz,
year={1997},
isbn={978-1-4613-7811-2},
booktitle={Fuzzy Evolutionary Computation},
editor={Pedrycz, Witold},
doi={10.1007/978-1-4615-6135-4_1},
title={Evolutionary Algorithms},
url={http://dx.doi.org/10.1007/978-1-4615-6135-4_1},
publisher={Springer US},
author={Michalewicz, Zbigniew and Hinterding, Robert and Michalewicz, Maciej},
pages={3-31},
language={English}
}
@misc{PythonFloat,
  title        = "Floating Point Arithmetic: Issues and Limitations",
  howpublished = "\url{http://docs.python.org/3.4/tutorial/floatingpoint.html}",
  month        = "March",
  year         = "2014",
  note         = {Accessed Apr 11, 2014}
}
@book{Patterson:2013:COD:2568134,
 author = {Patterson, David A. and Hennessy, John L.},
 title = {Computer Organization and Design, Fifth Edition: The Hardware/Software Interface},
 year = {2013},
 isbn = {0124077269, 9780124077263},
 edition = {5th},
 publisher = {Morgan Kaufmann Publishers Inc.},
 address = {San Francisco, CA, USA},
} 